<?xml version="1.0" encoding="UTF-8"?><collection xmlns="http://www.loc.gov/MARC21/slim"><record><leader>00506nam--2200181-i-4500</leader><controlfield tag="001">000048283</controlfield><controlfield tag="002">20161230</controlfield><controlfield tag="005">20161230201046</controlfield><controlfield tag="008">060222s1000------------r-----000-0-eng-d</controlfield><datafield ind1=" " ind2=" " tag="040"><subfield code="a">IFIN-HH</subfield></datafield><datafield ind1=" " ind2=" " tag="080"><subfield code="a">532.783(061.3)</subfield></datafield><datafield ind1="1" ind2=" " tag="100"><subfield code="a">Sprokel,Geraldj</subfield></datafield><datafield ind1="1" ind2="0" tag="245"><subfield code="a">The physics and chemistry of liquid crystal devices</subfield><subfield code="c">Gerald J. Spokel</subfield></datafield><datafield ind1=" " ind2=" " tag="260"><subfield code="a">New York, Plenum Press, 1980,</subfield></datafield><datafield ind1=" " ind2=" " tag="300"><subfield code="a">XI+348P</subfield></datafield><datafield ind1=" " ind2=" " tag="490"><subfield code="a">The Ibm Research Symposia Series</subfield></datafield><datafield ind1=" " ind2=" " tag="852"><subfield code="a">49344</subfield><subfield code="c">532</subfield></datafield><datafield ind1=" " ind2=" " tag="CAT"><subfield code="a">Sys</subfield><subfield code="c">20100722</subfield><subfield code="h">130440</subfield></datafield></record></collection>